2316 2984
148 548 251 588 une
260 542 421 586 vem
431 532 598 594 (μόνα
595 535 810 603 ἀληθῆ).
847 536 915 581 Et
929 541 1043 594 quae.
1054 550 1145 593 cap.
1163 496 1326 580 XXIV.
1357 540 1401 578 et
1430 549 1542 591 seqq.
1573 532 1790 588 dicuntur,
1819 548 1901 579 non
1924 537 2030 582 male
2051 514 2154 594 qua-
2211 567 2213 569 -

149 602 277 662 'di-ant
306 618 352 662 in
381 625 609 666 extremam
640 626 798 676 partem
829 635 920 676 cap.
951 619 1125 663 XXIII.
1260 624 1267 627 “

276 826 360 869 Sed
384 828 549 871 videant
573 829 657 881 alii,
689 829 760 885 qui
786 828 957 871 acutiori
981 828 1190 885 gaudeant
1214 828 1402 883 iugenio,
1433 827 1532 882 quid
1556 827 1607 869 de
1634 828 1708 869 hac
1732 834 1869 871 textus
1894 828 2153 885 dispositione

148 910 405 953 sentiendum
430 912 497 954 sit.
574 912 780 968 Equidem
804 924 913 954 nunc
944 912 997 954 ad
1023 912 1067 954 id
1092 926 1159 953 me
1182 916 1442 961 convertam,
1490 910 1599 965 quod
1627 910 1724 952 mihi
1751 910 1851 953 haec
1883 913 2084 955 scribendi
2110 921 2153 956 et

151 992 193 1033 in
218 992 410 1036 medium⁴
423 993 658 1051 proferendi
679 996 928 1038 occasionem
957 993 1084 1036 dedit.
1976 990 1992 997 ’

280 1077 427 1120 Gratia
461 1078 679 1120 adiuvante
713 1078 848 1119 divina
881 1084 924 1119 et
946 1077 1120 1119 consiliis
1145 1075 1445 1132 sapientissimis
1470 1081 1557 1118 tum
1587 1075 1839 1131 collegarum
1863 1077 1961 1119 mihi
1986 1080 2153 1123 coniun-

151 1158 421 1201 ctissimorum
449 1165 534 1202 tum
561 1160 739 1202 virorum
764 1160 1036 1217 reliquorum,
1068 1160 1212 1215 quibus
1235 1157 1354 1200 simul
1377 1172 1502 1213 curae
1531 1159 1797 1202 academicae·
1817 1160 2021 1205 iniunctae
2043 1170 2152 1217 sunt,

153 1242 380 1297 quibusque
406 1220 591 1284 omnibus
617 1245 771 1298 gratias
792 1258 868 1298 pro
891 1257 1033 1287 eorum
1061 1245 1103 1283 in
1130 1257 1195 1285 me
1223 1242 1399 1285 amicitia
1425 1255 1525 1296 quas
1547 1256 1709 1297 possum
1730 1243 1926 1285 maximas
1955 1247 2155 1300 persolvo,

153 1325 327 1367 feliciter
350 1339 520 1367 munere
545 1332 771 1368 rectoratus
796 1327 877 1367 mei
902 1341 1037 1368 annuo
1063 1331 1252 1380 peracto,
1294 1324 1371 1367 hoc
1395 1330 1545 1376 restat,
1586 1330 1634 1365 ut
1657 1325 1850 1367 solemnia
1874 1340 1950 1380 pro
1976 1342 2079 1370 novo
2111 1331 2154 1370 in

152 1406 353 1452 futurum
370 1421 522 1451 annum
556 1408 831 1453 academicum
864 1410 1045 1452 Rectore
1077 1409 1299 1464 Magnifice
1336 1402 1606 1451 renuntiando
1641 1407 1829 1451 indicem.
1892 1410 2060 1453 Electus
2092 1420 2154 1455 est

137 1479 364 1547 'suffragiis
403 1476 654 1550 collegarum
694 1507 859 1536 suorum
900 1500 942 1534 et
981 1494 1264 1548 comprobatus
1295 1497 1358 1533 est
1389 1491 1438 1548 αξ,
1449 1504 1605 1533 summo
1642 1493 1909 1547 magistratu,
1949 1509 2030 1549 quo
2058 1497 2152 1537 Rex

155 1580 296 1617 noster
321 1574 633 1619 Potentissimus
659 1576 703 1617 in
724 1577 845 1618 rebus
865 1575 1105 1618 academicis
1127 1576 1258 1619 utitur

716 1677 972 1744 Georqias
1005 1677 1269 1728 Hem·icus
1304 1665 1601 1737 Berustein,

222 1764 285 1797 SS.
302 1765 430 1799 >'l'lxeoL
454 1765 586 1799 Philus.
622 1769 657 1800 et
676 1765 884 1799 Litterarum
906 1766 1156 1818 Humaniorum
1176 1765 1307 1798 Doetor
1328 1767 1364 1798 et
1383 1764 1593 1807 Linguarum
1616 1763 1846 1797 Orientalium
1869 1766 1960 1798 Prot.
1986 1768 2021 1798 Ρ.
2047 1767 2090 1799 O.

503 1819 526 1840 t

115 1890 124 1897 f
147 1867 481 1930 *Inungui-abitur
512 1882 649 1918 autem
681 1890 808 1918 novus
834 1877 992 1919 Rector
1020 1876 1265 1932 Magnificus
1296 1888 1349 1917 ex
1381 1881 1623 1917 statutorum
1651 1881 1879 1918 nostrorum
1910 1879 2158 1933 praescripto

98 1941 100 1943 ’
832 1959 892 1994 1).
919 1959 1087 1994 xxlv.
1114 1959 1215 1994 oct.
1253 1950 1370 1994 ποι.
1397 1959 1482 1993 xl.

148 2031 204 2088 ¹iu
226 2029 325 2083 aula
341 2030 619 2087 Leopoldina,
648 2032 718 2074 ubi
741 2032 1004 2073 iureiurando
1031 2031 1148 2073 solito
1172 2031 1367 2087 praestito
1398 2030 1516 2072 simul
1542 2044 1636 2073 cum
1664 2032 1777 2073 novis
1800 2033 1977 2075 Decanis
2000 2039 2155 2088 specta-

152 2104 307 2166 „bilibu's
335 2121 379 2157 et
410 2116 674 2177 Senatoribus
702 2115 950 2175 gravissimis
976 2115 1136 2170 publice
1170 2129 1195 2157 a
1226 2128 1291 2156 me
1319 2115 1620 2156 renunciabitur
1647 2122 1690 2156 et
1723 2115 1895 2156 fascibus
1920 2117 2159 2159 academicis

152 2210 254 2248 (cum
277 2199 425 2240 ceteris
446 2198 658 2253 dignitatis
681 2187 907 2253 insignibus
932 2199 1127 2252 susceptis
1145 2198 1329 2239 oratione
1353 2197 1535 2238 habenda
1557 2211 1704 2239 munus
1730 2211 1847 2239 suum
1872 2200 2157 2253 auspicabitur.

287 2282 403 2327 Huic
428 2296 454 2323 a
485 2295 551 2325 me
575 2281 749 2330 indictae
772 2281 1042 2331 solemnitati5
1069 2287 1143 2331 ut,
1172 2286 1336 2335 praeter
1361 2280 1540 2335 collegas
1567 2281 1832 2333 doctissimos,
1873 2284 2159 2333 ornatissimos,

161 2369 205 2405 et
229 2363 394 2405 iuvenes
423 2364 567 2408 studiis
597 2365 640 2407 in
671 2364 746 2408 hac
770 2364 877 2407 alma
903 2363 1250 2406 litterarumsede
1275 2363 1463 2405 vacantes
1493 2364 1790 2416 dilectissimos,
1813 2342 1882 2407 ‘vir
1905 2365 2160 2420 perillustris,

161 2446 229 2500 cui
260 2446 369 2490 illius
393 2460 493 2489 cura
521 2454 641 2493 extra
672 2446 857 2491 ordinem
889 2447 1099 2490 commissa
1123 2452 1208 2499 est,
1244 2460 1434 2502 proceres
1465 2446 1639 2488 civitatis
1663 2447 1802 2499 huius,
1834 2447 2161 2490 excellentissimi

162 2530 413 2592 gravissimi,
444 2530 623 2573 fautores
648 2531 876 2573 litterarum
903 2530 1067 2584 adesse,
1098 2525 1269 2591 eamque
1291 2544 1364 2572 sua
1387 2531 1615 2586 praesentia
1638 2530 1860 2583 honorare,
1891 2531 2161 2573 condecorare

158 2605 315 2665 ,velint‚
346 2628 418 2671 ea,
448 2628 529 2670 qua
551 2629 626 2670 par
650 2622 735 2668 est,
758 2614 1012 2658 observantia
1037 2613 1186 2667 invito,
1217 2617 1335 2671 ro'go'.
1399 2614 1664 2657 Vratislaviae
1688 2616 1777 2657 Cal.
1797 2617 1965 2658 Octobr.
1996 2618 2133 2659 1836.
