2316 2984
166 270 439 316 ‚gemm
453 260 951 320 omnum-stelit
962 261 1437 315 mmmm,
1481 261 1687 306 actm-
1711 260 2181 357 qums-n

165 345 1148 405 ffummmndviupdun
2189 368 2191 370 ,

165 462 183 480 ,-
306 429 576 478 Ia-dabiam
588 429 757 476 omniu
785 429 923 483 *yomri
953 441 1046 471 noa
1060 434 1211 484 posse,
1218 427 1432 485 dog-sta
1452 428 1657 485 quedam
1682 428 1791 473 laic
1808 429 2019 474 doctrinae
2050 431 2183 474 inesse

159 513 379 570 ⁴imprimis
407 513 473 562 da
479 513 682 575 Persona
690 512 871 563 Christi,
900 511 1008 566 (aaa
1037 511 1291 555 incredibilia
1323 512 1560 563 videantur,
1589 513 1662 555 sed
1690 525 1790 554 ean
1823 521 2011 566 unm,
2041 521 2183 570 poetas

180 600 224 638 et
254 593 512 652 philosophos
530 598 784 640 Graecorum
815 593 871 638 de
898 594 992 636 filiis
1020 594 1132 637 Iovis
1160 594 1306 637 similia
1335 595 1537 648 retulisse,
1567 608 1674 651 quse
1702 609 1732 637 a
1757 597 1980 650 Μῆδοι
2010 598 2183 638 credan-

179 683 274 731 tur,
312 690 390 721 nec
420 677 652 722 Christiana
682 677 876 735 dogmata
906 692 1069 735 posse
1052 676 1223 733 ridicula
1246 684 1303 730 et
1327 678 1475 721 absona
1505 693 1608 721 esse.
1681 680 1836 726 Quodsi
1868 681 1939 734 qui
1971 680 2180 722 Christum

179 773 256 817 pro
287 773 385 803 vero
417 759 495 804 deo
525 760 674 805 habere
705 760 859 814 nolint,
889 766 1026 803 tamen
1056 774 1152 803 eum
1183 766 1350 832 propter
1380 761 1640 818 sapientiam,
1673 763 1744 818 qui
1768 762 1835 805 dei
1860 763 1971 806 filins
1994 770 2179 814 vocetur,

163 840 351 899 'dignum
381 858 484 885 esse.
546 844 638 900 Qua
668 843 919 901 expositione
950 843 1066 886 finita
1095 843 1270 886 secunda
1302 858 1396 900 pars
1427 845 1651 905 Apologiae
1681 845 1866 907 absoluta
1898 853 1996 891 est.

305 927 454 970 Restat
477 932 524 969 ut
554 928 743 983 scriptor,
773 928 809 969 si
836 927 941 970 ultra
965 941 1255 983 progressurus
1278 927 1344 981 sit,
1375 925 1641 980 demonstret,
1673 944 1778 985 quae
1803 930 2024 972 Christiani
2040 893 2177 986 profi-

174 994 341 1066 teantur
371 1024 453 1053 non
492 1011 631 1054 solum
662 1010 893 1054 verisimilia
931 1016 976 1056 et
1005 1024 1134 1066 aeque
1167 1010 1262 1054 vera
1300 1024 1349 1054 ac
1390 993 1545 1055 fabulas
1576 1011 1870 1066 Graecorum,
1908 1011 1980 1055 sed
2010 1013 2175 1055 omnino

178 1106 322 1149 reapse
352 1107 465 1136 vera.
480 1074 590 1145 esse,
637 1101 681 1136 et
710 1094 954 1136 testImoniis
983 1091 1239 1145 confirmari,
1289 1106 1462 1149 qnorum
1507 1093 1609 1135 fides
1647 1095 1690 1136 in
1723 1094 1890 1138 dubium
1922 1095 2056 1138 vocari
2084 1109 2175 1142 ‘non

179 1178 317 1233 possit.
380 1177 449 1220 Et·
470 1177 547 1220 hoc
576 1177 739 1233 quidem
771 1177 973 1232 praestitit
1003 1191 1029 1218 a
1056 1177 1190 1231 capite
1219 1177 1527 1228 XXX-LXV;
1567 1178 1639 1219 sed
1669 1192 1774 1233 quae
1804 1193 1830 1219 a
1860 1179 1994 1234 capite
2017 1179 2175 1221 XXIII

177 1262 347 1305 -XXX
387 1266 638 1312 tractantur,
686 1260 804 1315 plane
845 1259 960 1301 nobis
996 1257 1206 1300 abundare
1243 1259 1447 1301 videntur.
1508 1259 1724 1301 'Primum
1758 1261 1837 1302 iam
1867 1261 1991 1313 habes
2023 1261 2173 1316 duplex

176 1351 465 1402 argumentum
497 1356 636 1386 rerum
667 1341 969 1384 tractandarum
1002 1341 1117 1383 initio
1146 1343 1290 1397 capitis
1321 1342 1479 1384 XXIII
1518 1349 1561 1384 et
1596 1344 1816 1399 trigesimi3
1870 1343 2018 1386 deinde
2057 1345 2173 1386 initio

180 1442 271 1485 cap.
295 1428 456 1471 XXIII
490 1425 809 1483 prophetarum,
858 1403 930 1481 quii
961 1424 1169 1467 Christum
1199 1439 1477 1479 praecessere,
1523 1426 1768 1468 mentionem
1799 1427 1895 1468 facit
1925 1428 2096 1483 perinde
2125 1442 2174 1470 ac

177 1513 211 1554 si
253 1511 352 1554 alias
399 1510 453 1554 de
490 1521 630 1553 eorum
670 1508 882 1553 vaticiniis
922 1508 1002 1550 iam
1041 1507 1232 1564 loquutus
1269 1508 1416 1561 fuerit,
1475 1509 1570 1552 licet
1610 1524 1663 1553 ne
1704 1511 1828 1552 verbo
1874 1511 2040 1566 quidem
2082 1525 2170 1553 rem

178 1583 298 1653 antea
329 1595 535 1652 tetigerit3
574 1600 663 1636 tum
694 1593 826 1649 capite
856 1592 1028 1635 XXIII.
1058 1591 1177 1648 plura
1207 1593 1525 1648 promittuntur,
1571 1608 1676 1648 quae
1707 1594 1880 1649 scriptor
1912 1608 2054 1636 revera
2087 1609 2167 1637 non

177 1680 401 1734 praestitit,
446 1676 800 1734 quemadmodum⁴
816 1690 856 1718 ν.
887 1689 930 1731 g.
963 1689 1159 1731 nusquam
1189 1676 1372 1730 reperire
1403 1690 1565 1731 possum
1595 1682 1826 1719 accuratam
1858 1676 2167 1719 demonstratio·

177 1776 398 1817 nem,⁴qua
428 1762 566 1803 Iesum
587 1760 800 1801 Christum
832 1759 961 1800 solum
992 1760 1155 1814 proprie
1186 1758 1315 1800 filium
1347 1758 1424 1800 deo
1455 1758 1641 1814 genitum
1672 1773 1758 1802 esse
1789 1760 2013 1812 efficiatnr;
2044 1775 2168 1816 porro

175 1847 300 1888 series
340 1845 594 1900 singulorum
632 1843 752 1884 huius
788 1844 935 1898 capitis
970 1844 1242 1884 membrorum
1283 1843 1527 1897 perobscura
1563 1848 1651 1894 est,
1705 1848 1833 1898 qnare
1870 1844 1950 1885 ia'm
1989 1844 2167 1887 Gabios

175 1929 395 1972 exclamat.
474 1927 672 1980 „Utinam
705 1927 876 1983 Langus
908 1927 970 1970 vel
1000 1927 1198 1981 quispiam
1230 1925 1333 1969 alius
1368 1926 1661 1969 connexionem
1700 1929 1972 1970 membrorum
2013 1928 2168 1984 longis·

172 2015 300 2056 simae
331 2012 449 2053 huius
488 2018 533 2054 et
570 2018 706 2053 tamen
746 2010 957 2054 mutilatae
996 2009 1152 2065 periodi
1191 2010 1298 2051 inter
1336 2024 1404 2061 se,
1441 2016 1485 2051 et
1522 2010 1725 2065 quomodo
1760 2024 1854 2052 cum
1891 2012 2166 2066 sequentibus,

172 2111 278 2152 quae
316 2109 391 2150 per
430 2108 644 2146 numeros,
690 2094 899 2143 πρῶτον,
947 2089 1187 2142 δεύτερον,
1244 2092 1405 2141 τρίτον
1444 2092 1633 2136 distincte
1671 2095 1943 2149 prosequitur
1967 2095 2164 2145 Iustinus,

174 2194 224 2222 ea
252 2184 342 2225 tota
370 2178 601 2230 cohaereat,
631 2177 767 2221 debite
790 2175 1042 2219 ostendisset.
1043 2178 1073 2201 “
1136 2176 1326 2232 Denique
1348 2191 1374 2218 a
1401 2177 1533 2231 capite
1548 2176 1697 2220 XXIV
1714 2200 1778 2209 —
1799 2191 1928 2234 usqne
1950 2177 2003 2219 ad
2020 2176 2163 2220 XXX.

172 2264 297 2319 longe
326 2262 425 2307 alias
465 2276 531 2305 res
561 2267 730 2312 tractat,
783 2275 907 2316 quam
944 2274 1050 2316 quae
1093 2272 1186 2315 cap.
1215 2259 1388 2301 XXIII.
1426 2261 1741 2315 promittuntur,
1796 2266 1844 2302 ut
1874 2267 2163 2317 argumentum

168 2347 309 2405 potius
344 2347 553 2390 continere
591 2345 828 2397 videantur,
883 2359 964 2401 quo
1003 2345 1214 2387 evincatur
1251 2358 1333 2385 non
1374 2344 1462 2385 iure
1499 2344 1666 2399 reliquis
1710 2327 1896 2386 omnibns
1937 2346 2163 2387 hominibus

171 2430 383 2475 inferiores
412 2421 576 2482 haberi,
620 2443 716 2472 cum
746 2435 791 2472 et
821 2428 1004 2474 doctrina
1041 2434 1086 2470 et
1117 2428 1199 2469 vita
1229 2427 1395 2483 reliquis
1424 2428 1610 2470 omnibns
1640 2429 1872 2484 superiores
1902 2429 1996 2470 sint.
2076 2429 2165 2470 Ita·

170 2529 254 2572 que
275 2513 454 2567 „fortasse
492 2513 553 2557 sie
586 2513 719 2557 series
751 2513 1026 2558 membrorum
1065 2510 1226 2555 restitui
1257 2511 1415 2567 poscite>
1448 2512 1635 2555 Primum
1665 2512 1769 2554 eiice
1794 2513 1969 2568 primam
2001 2520 2163 2567 partem

170 2599 321 2655 capitis·
342 2597 502 2643 xxnl
530 2605 662 2651 usqne
689 2596 742 2638 ad
772 2596 913 2639 verba
933 2594 1016 2634 καὶ
1047 2594 1239 2646 Ἰησοῦς·
1260 2591 1463 2645 χριστὸες
1519 2594 1595 2639 hac
1629 2594 1743 2639 euim
1781 2595 1939 2640 ratione
1978 2594 2164 2639 doctrina

170 2682 224 2725 de
255 2695 428 2739 persona
457 2681 554 2724 Iesu
584 2680 761 2734 Christi,
806 2693 912 2738 quae
938 2693 1027 2736 cap.
1057 2677 1169 2725 XXI
1199 2678 1364 2735 incipit,
1412 2680 1674 2727 continuatur
1706 2685 1754 2722 et
1788 2679 2030 2730 absolvitnr;
2076 2686 2164 2722 tum
