2316 2984
1098 46 1196 109 απ

142 228 241 278 ῤ-ῐα.
278 220 440 269 Quodsi
456 232 568 264 *vero
595 220 706 263 hane
730 203 904 263 eumad}
922 219 1122 267 rationem
1152 223 1497 275 nostro-quoqu&
1511 217 1602 262 loco
1632 219 1862 275 sequimur,
1900 219 1958 261 ita
1982 225 2150 261 'verten-

138 303 264 349 dan
288 304 403 347 nobis
430 304 545 347 eritae'
598 301 882 355 „Quid-enim
914 315 1017 358 opus
1048 308 1111 344 est
1141 303 1275 354 vobis,
1314 303 1385 358 qui
1413 302 1549 354 scitis,
1578 302 1757 354 referre,
1787 316 1980 358 quasnam
2004 301 2058 344 ad
2084 316 2150 344 res

152 387 333 430 artifices
372 388 583 430 materiam
620 392 887 443 praeparent,
933 384 1173 441 laevigando
1211 391 1255 428 et
1285 383 1481 442 [asciando
1518 391 1562 427 et
1591 384 1804 428 conflando
1835 393 1877 428 et
1909 384 2148 433 tundendo?

142 469 268 518 Quin
295 471 502 513 etiam-ex
534 470 753 512 inhonestis
782 480 905 525 saepe
933 468 1106 521 vasibus,
1135 468 1270 524 specie
1298 473 1458 511 tantum
1488 468 1705 511 artificiose
1733 474 1901 520 mutata,
1919 475 1961 511 et
1986 469 2145 512 confor-
2171 524 2175 527 ι

154 557 286 605 mata,
311 552 409 594 deos
435 552 778 607 cognominant.“

263 744 337 785 De
363 743 582 787 contextu
604 748 867 796 apolog-tae
889 748 980 785 Im
1013 756 1046 785 a
1072 746 1230 794 eapite
1254 748 1433 786 xxm·
1459 756 1607 792 usque
1632 748 1695 784 ad
1719 748 1861 793 eaput
1887 748 2029 784 xxx.

276 884 330 926 In
361 892 500 927 nostra
529 886 729 941 Apologia
757 887 809 928 ab
840 886 1009 928 exordio
1029 899 1167 941 ‘usque
1199 886 1253 928 ad
1282 893 1405 941 caput
1435 885 1594 927 XXIII
1601 914 1617 937 ,
1655 885 1790 927 omnia
1819 885 2009 927 continua
2035 885 2140 926 serie

152 967 401 1022 procedunt,
453 970 504 1010 ab
535 967 611 1011 hoc
641 975 777 1011 autem
807 970 940 1024 capite
970 983 1098 1023 usque
1128 969 1181 1011 ad
1210 975 1333 1024 caput
1364 968 1506 1010 XXX.
1544 982 1610 1011 res
1640 974 1889 1018 tractantur,
1928 982 2032 1022 quae
2063 981 2138 1010 nec

150 1055 316 1106 prorsus
362 1052 469 1093 inter
514 1066 582 1104 se,
643 1066 775 1108 neque
811 1066 906 1094 cum
945 1051 1287 1095 antecedentibus
1312 1058 1355 1094 et
1393 1051 1729 1106 consequentibus
1775 1040 1869 1106 apte
1908 1050 2139 1102 cohaerent,

149 1134 206 1174 ita
236 1140 306 1185 ut,
345 1135 422 1174 nisi
450 1135 584 1191 capite
614 1135 730 1177 LVI.
751 1136 943 1176 ‘Simonis
973 1136 1089 1190 Magi
1118 1137 1269 1176 mentio
1302 1136 1441 1186 fieret,
1488 1141 1530 1175 et
1560 1134 1615 1175 ad
1645 1135 1731 1175 eius
1761 1134 1991 1184 historiam,
2032 1149 2135 1189 quae

146 1217 282 1272 capite
305 1217 466 1261 XXVI.
505 1223 717 1270 narratur,
748 1220 1018 1274 respiceretur
1047 1219 1109 1260 his
1138 1218 1270 1259 verbis
1300 1218 1378 1256 καὶ
1410 1215 1501 1270 γὰρ
1533 1218 1634 1266 παρ’
1669 1215 1803 1272 ὑμῖν,
1840 1215 1902 1256 ὠς
1934 1216 2136 1269 προέφη-

146 1311 251 1349 μεν,
313 1300 364 1340 ἐν
392 1302 467 1353 ’τῇ
514 1302 713 1352 βασιλίδι
747 1299 900 1354 Ῥώμῃ
950 1300 1020 1338 ἐπὶ
1060 1301 1298 1340 Κλαυδίου
1337 1301 1567 1350 Καίσαρος
1605 1297 1850 1352 γενόμενος
1891 1298 1915 1339 ὁ
1956 1301 2129 1350 Σίμων,

145 1388 300 1438 septem
340 1382 409 1424 illa
448 1383 591 1439 capita·
620 1384 803 1439 integra,
850 1384 959 1425 salvo
997 1385 1287 1426 sententiarum
1318 1384 1482 1435 ordine,
1521 1383 1612 1424 eiici
1642 1391 1817 1438 possent.
1898 1383 2054 1428 Quibus
2087 1391 2131 1422 ut

144 1465 267 1507 fidem
307 1467 520 1517 faciamus,
567 1472 810 1521 argumenta
847 1468 1071 1521 primorum
1108 1468 1254 1522 viginti
1291 1468 1464 1508 duorum
1503 1468 1680 1522 capitum
1717 1465 1980 1521 proponenda
2017 1473 2134 1506 sunt:

143 1548 342 1588 Precibus
381 1550 434 1589 ad
470 1550 744 1603 Imperatores
782 1541 1031 1602 praemissis,
1072 1556 1119 1589 ut
1146 1551 1226 1603 pii,
1274 1550 1521 1603 philosophi,
1566 1550 1823 1602 iustitiaeque
1861 1549 2048 1588 custodes
2088 1557 2130 1587 et

126 1625 376 1686 ‘disciplinae
414 1632 603 1683 studiosi,
650 1633 779 1674 missis
816 1633 1133 1695 praeconceptis¹
1156 1605 1450 1696 opinionibus,‘
1476 1633 1689 1674 veritatem
1720 1631 1909 1682 audiant,
1953 1631 2127 1685 primum

141 1721 285 1769 rogat,
340 1724 402 1756 ne*
431 1715 649 1756 Christiani
688 1716 741 1756 ob
779 1716 908 1757 solum
946 1729 1093 1757 nomen
1133 1722 1176 1758 et
1214 1730 1358 1771 pravos
1397 1730 1581 1758 rumores
1622 1715 1675 1757 de
1714 1728 1856 1756 eorum
1895 1714 2126 1755 criminibus

69 1819 71 1821 ·
140 1810 299 1853 sparsos
329 1798 436 1841 male
465 1803 714 1850 tractentur,
745 1797 817 1840 sed
848 1804 894 1841 ut
924 1804 966 1841 et
996 1798 1050 1841 de
1079 1798 1162 1843 vita
1194 1806 1237 1842 et
1260 1799 1313 1842 de
1336 1799 1520 1842 doctrina
1542 1797 1863 1841 Christianorum
1888 1810 1940 1839 ex
1968 1795 2125 1851 legibus

137 1878 330 1922 iudicium
362 1882 447 1922 fiat.
532 1881 624 1927 Quo
661 1881 770 1923 facto
808 1882 983 1923 rationes
1020 1883 1259 1937 gentilium,
1304 1896 1379 1924 cur
1410 1896 1480 1923 eos
1512 1887 1828 1936 persequantur,
1868 1880 2123 1935 persequitur

138 1963 398 2018 singulasque
428 1964 593 2006 refutat.
656 1964 844 2006 Primum
875 1966 938 2006 vel
969 1964 1046 2007 hoc
1075 1966 1257 2020 iniquum
1288 1981 1399 2017 esse,
1430 1964 1540 2019 quod
1562 1964 1780 2006 Christiani
1811 1964 1981 2005 nominis
2002 1977 2123 2005 causa

135 2045 194 2087 in*
211 2044 404 2090 iudicium
434 2052 652 2101 vocentur,
682 2062 777 2090 cum
807 2061 859 2090 ex
890 2047 1052 2091 nomine
1083 2063 1215 2104 neque
1246 2047 1333 2090 laus
1363 2047 1576 2103 cuiquam,
1606 2060 1737 2103 neque
1760 2059 1889 2102 poena
1912 2044 2121 2088 debeatur.

137 2128 279 2171 Fateri
310 2143 354 2172 se
385 2130 570 2186 quidem,
602 2130 795 2187 quosdam
827 2131 1007 2174 invenire
1030 2144 1168 2186 posse,
1199 2132 1269 2187 qui
1295 2131 1525 2174 Christiano
1550 2131 1733 2182 nomine,
1763 2130 1866 2171 sicut
1898 2128 2035 2184 plures
2065 2141 2118 2168 ex

136 2211 399 2267 philosophis,
429 2214 564 2266 abusi,
595 2214 793 2256 scelerum
824 2215 1025 2255 variorum
1057 2215 1139 2255 sint
1169 2214 1254 2265 rei,
1286 2214 1357 2255 sed
1387 2228 1458 2256 eos
1489 2213 1763 2268 dssquisitione
1789 2212 1894 2254 facta
1918 2225 1998 2252 non
2021 2224 2117 2266 pro·

108 2288 119 2292 ”
134 2300 229 2348 pter
259 2310 406 2337 nomen
437 2296 508 2338 sed
533 2297 937 2352 propter'admissum
968 2294 1122 2339 crimen
1151 2297 1385 2350 plectendos
1403 2312 1514 2347 .esse;
1546 2297 1755 2352 quinimo
1785 2295 1965 2337 extitisse
1996 2306 2118 2348 quos·

132 2377 227 2419 hm
250 2379 517 2435 phiiosophos,
548 2381 618 2435 qui
648 2382 804 2422 etiamsi
834 2380 932 2422 deos
955 2381 1177 2435 gentilium·
1200 2381 1429 2432 irrisissent,
1459 2388 1595 2422 tamen
1625 2382 1675 2421 ab
1703 2378 2011 2433 imperatoribus
2035 2389 2118 2418 non

133 2463 297 2516 poenis,
345 2464 416 2506 sed
447 2465 649 2520 praemiis*
673 2472 716 2507 et
746 2465 962 2507 honoribus
991 2465 1129 2507 affecti
1159 2472 1305 2507 essent.
1382 2467 1497 2512 Quae
1533 2465 1636 2506 ratio
1674 2464 1716 2505 in
1748 2461 1999 2505 Christianos
2029 2462 2118 2503 ani·

132 2545 435 2601 madvertendi,
481 2562 576 2590 cum
606 2549 726 2604 plane
756 2548 913 2590 insolita
944 2549 1020 2601 sit,
1057 2530 1268 2592 materiam
1283 2578 1286 2580 Δ
1299 2549 1338 2591 ei
1369 2551 1560 2604 praebet,
1597 2548 1872 2603 quaestionem
1903 2546 1956 2588 de
1986 2547 2118 2588 causis

131 2633 270 2672 tantae
301 2632 576 2686 perversitatis
605 2632 865 2686 instituendi,
901 2646 1049 2689 easque
1079 2633 1190 2675 nulla
1219 2634 1261 2675 in
1291 2633 1369 2674 alia
1400 2647 1448 2674 re
1477 2633 1573 2674 sitas
1603 2646 1690 2674 eme
1721 2630 1994 2681 demonstrat,
2040 2629 2117 2670 nisi

1589 2732 1615 2770 3
