2316 2984
148 308 484 351 oblivisoereturt
560 307 702 350 Altera
731 312 868 349 autom
897 307 1157 357 coniectura,
1196 319 1250 348 ex
1286 320 1379 361 qna
1398 315 1547 351 nomon
1577 304 1764 347 Caesam
1794 304 2072 361 marinum
2086 306 2151 353 h·-
2181 339 2187 343 .
2220 314 2224 318 ·

150 391 266 435 suria
305 390 529 444 exciderit,
575 406 628 434 ne
644 376 884 434 minimum
910 389 1074 446 quidem
1113 389 1296 433 veritatis
1331 389 1563 468 vangium·
1579 388 1730 442 habet,
1762 395 1999 456 propte&
2042 376 2152 446 quod

149 474 350 529 eogitari
368 475 534 529 nequit,
588 489 726 516 vocem
774 474 816 515 in
862 468 1090 516 nominibus
1128 472 1355 528 principum
1400 471 1472 516 illo
1509 478 1702 526 tenpore·
1734 461 2077 527 vulgati-iiam
2072 475 2151 525 Ab

151 556 338 603 omnibus
368 557 542 600 librariis
573 556 801 611 neglectam
834 556 976 608 fui-03
1023 570 1128 612 quae
1166 556 1201 598 ιι
1239 556 1290 598 ab
1320 568 1435 598 nno
1427 554 1627 598 alterove
1663 554 1907 610 interpolata
1944 554 2025 606 dt,
2068 569 2150 601 m

151 641 362 683 miremur.
430 639 514 681 Sed
531 664 536 668 -
554 653 750 696 ponamus
789 654 880 681 eam
919 625 1140 691 excidisse,
1186 646 1231 681 et
1267 639 1310 681 in
1348 639 1609 693 inscriptione
1627 652 1730 681 ¹eain
1763 638 2047 691 restituamus,
2092 640 2150 682 im

150 729 288 766 tamen
320 730 366 765 ut
395 722 538 765 eadem
569 724 612 764 in
644 725 777 778 primo
807 738 970 778 quoqne
1002 725 1183 765 membro
1213 722 1435 766 secundum
1467 723 1680 764 Muranum
1712 722 1900 776 legat-ur,
1918 736 2013 777 :quo
2043 722 2150 768 hoto

149 806 353 861 scriptura
389 805 489 849 baeo
527 807 626 850 erit:
674 809 897 858 Σεβαστῷ
928 809 1144 856 Καίσαρι,
1191 807 1270 846 καὶ
1311 806 1502 855 Καίσαρι
1529 803 1854 856 Οὐηρισσίμφ.
1946 806 2021 849 -Ita
2053 820 2148 849 vero

148 888 299 941 triplex
332 889 434 931 illud
466 890 545 929 καὶ
578 905 630 931 ne
661 904 686 931 a
717 891 897 931 barbaris
928 889 1093 943 quidem
1125 890 1290 931 auribus
1313 889 1418 930 'ferri
1450 894 1604 942 potest,
1643 895 1689 929 ut
1712 895 1915 930 tammus
1943 888 1997 931 de
2019 888 2149 934 nitere

150 970 272 1023 vitio,
311 971 423 1027 quod
454 973 637 1015 cernitur
669 974 710 1015 in
743 973 964 1028 positione,
1002 987 1096 1015 cum
1108 1002 1120 1023 ‚
1159 971 1270 1027 quod
1302 971 1447 1027 prioris
1478 970 1648 1014 membri
1680 971 1907 1014 nominibus
1937 971 2148 1028 subiungi«

147 1059 260 1105 tur,-
287 1054 397 1098 idem
430 1056 667 1098 vocabulum
701 1057 974 1110 praemittitur
1005 1058 1047 1098 in
1078 1056 1221 1098 altero.
1300 1057 1419 1110 Ersso
1450 1062 1523 1098 aut
1552 1054 1691 1099 nostra
1721 1055 1980 1107 coniectura,
2027 1069 2146 1110 quam

146 1135 395 1193 SyBurgius
425 1139 505 1181 iam
538 1138 790 1195 indigitavit,
827 1153 909 1194 qua
941 1138 1104 1194 quidem
1137 1153 1214 1181 vox
1240 1117 1437 1187 Kaisapz
1468 1151 1520 1180 ex
1554 1137 1686 1193 primo
1716 1137 1899 1180 membro
1929 1137 1972 1180 in
2003 1148 2146 1182 seeun-

146 1217 245 1261 dum
278 1221 548 1264 transferatur
586 1221 691 1277 (quo
722 1222 829 1263 sacto
860 1230 1149 1277 argumentum
1182 1222 1258 1263 hoe
1287 1235 1362 1275 pro
1390 1235 1499 1263 anno
1539 1225 1625 1263 188
1657 1227 1729 1261 aut
1767 1224 1853 1263 189
1878 1234 1959 1274 ‘⁸1¹⁸
1992 1222 2030 1263 vi
2061 1222 2144 1276 pri·
2192 1270 2197 1273 μ

148 1307 287 1344 vatum
303 1302 404 1358 est)
436 1317 599 1345 neeesse
630 1310 715 1354 est,
747 1304 879 1345 locum
912 1305 1080 1355 habeat,
1119 1311 1191 1346 aut
1222 1305 1413 1365 Maranus
1444 1310 1486 1344 et
1518 1303 1804 1345 Tillemontius
1835 1317 1916 1345 non
1953 1310 2145 1357 poterunt

148 1396 229 1424 non
250 1385 509 1435 eorumdem,
547 1401 661 1428 suam
694 1387 746 1428 de
777 1402 884 1428 anno
916 1388 1144 1441 scriptionis
1174 1388 1414 1428 sententiam
1447 1387 1605 1427 irritam
1636 1401 1737 1427 esse.
2050 1391 2054 1393 ’

273 1467 460 1510 Alterum
500 1470 611 1524 quod
647 1472 794 1511 attinet
831 1471 1155 1512 adversariorum
1195 1476 1506 1523 argumentum,
1554 1484 1628 1524 pro
1659 1484 1766 1511 anno
1803 1474 1890 1512 138
1931 1477 2003 1512 aut
2041 1474 2141 1513 139.

147 1549 365 1606 repetitum
397 1567 450 1595 ex
482 1553 589 1596 bello
620 1554 810 1605 Iudaico,
850 1554 902 1596 de
942 1568 1024 1608 quo
1056 1553 1238 1595 Iustinus
1268 1553 1326 1594 sio
1344 1552 1467 1608 :ioqui
1500 1552 1709 1605 videatur,
1759 1535 1807 1595 ao
1843 1552 1877 1594 si
1909 1553 2142 1607 nuperrime

145 1639 309 1688 gestum
350 1636 403 1678 sit
440 1659 507 1668 —
546 1636 595 1676 ἐν
635 1639 699 1689 τῷ
740 1639 827 1678 νῦν
868 1638 1158 1690 γεγενημέναι
1196 1636 1432 1688 Ἰουδαϊκῷ
1466 1635 1649 1685 πολέμω
1689 1658 1753 1668 —
1794 1650 1873 1678 non
1906 1651 2002 1679 sane
2033 1639 2143 1680 omni

146 1715 247 1758 illud
293 1718 475 1761 veritatis
512 1721 647 1774 specie
686 1720 924 1762 destitutum
965 1726 1040 1761 est.
1141 1719 1306 1761 Etenim
1345 1734 1438 1761 oum
1480 1720 1629 1762 bellum
1669 1719 1770 1761 iuud
1809 1720 1889 1760 iam
1927 1720 2141 1763 Hadriano
2184 1715 2187 1718 ’

143 1798 413 1852 imperatore,
443 1816 551 1842 anno
590 1808 700 1853 135,
742 1804 901 1844 finitum
935 1803 1074 1852 suerit,
1105 1817 1222 1843 nemo
1252 1803 1472 1844 contendet
1504 1810 1594 1856 post
1625 1802 1839 1844 duodecim
1870 1806 1998 1844 annos
2028 1818 2139 1846 oom-

143 1883 257 1924 muni
299 1882 490 1938 loquendi
532 1900 607 1927 usu
649 1887 704 1926 ita
745 1887 845 1927 iilud
884 1886 1193 1927 commemorari
1232 1901 1373 1939 poue,
1415 1892 1460 1926 ut
1490 1900 1596 1926 nunc
1635 1891 1797 1940 gestum
1839 1901 1926 1927 esse
1965 1887 2138 1929 dicatur.

144 1963 338 2007 Maranus
376 1967 540 2021 quidem
586 1969 772 2023 exempla
819 1982 870 2010 ex
911 1968 998 2022 ipso
1031 1947 1188 2010 Iustino
1229 1968 1407 2022 profert,
1449 1969 1593 2022 quibus
1632 1967 1842 2017 ostendat,
1900 1968 2137 2024 particulam

145 2047 235 2087 νῦν
277 2061 357 2090 non
397 2049 526 2092 solum
559 2050 611 2092 ad
648 2065 712 2092 res
746 2051 946 2106 praesenti
979 2057 1163 2106 tempore
1194 2057 1351 2106 gestas,
1390 2050 1460 2093 sed
1501 2050 1551 2092 ad
1592 2052 1828 2093 remotiores
1868 2064 2029 2106 quoque
2068 2050 2139 2093 de·

141 2130 362 2185 signandas
399 2132 582 2174 adhiberi
621 2133 820 2189 simulque
859 2147 989 2187 nuper
1028 2140 1070 2175 et
1107 2134 1257 2178 dudum
1276 2134 1540 2188 >vsignificare.
1620 2133 1701 2174 Sed
1735 2147 1923 2174 veremur
1957 2147 2009 2174 ne
2040 2133 2137 2174 haec

143 2214 249 2254 ratio
287 2216 583 2270 interpretandi
615 2217 747 2257 laxior
778 2218 852 2267 sit,
905 2217 1102 2271 imprimis
1133 2216 1186 2257 ad
1217 2230 1411 2272 graecam*
1449 2218 1630 2272 linguam
1663 2212 1986 2267 accommodata,
2034 2230 2139 2270 quae

141 2296 258 2349 copia
290 2298 580 2351 particulorum
613 2301 889 2356 cuiuscunque
918 2301 1084 2355 generis
1115 2300 1307 2340 abundat.
1388 2300 1487 2338 Mihi
1527 2300 1624 2339 haec
1665 2314 1731 2339 res
1762 2300 1818 2339 ita
1851 2300 1984 2353 potius
2014 2313 2139 2353 expe-

143 2377 292 2420 dienda
331 2395 420 2421 esse
459 2381 634 2422 videtur.
721 2383 913 2428 Quamvis
953 2383 1151 2437 particula
1191 2383 1280 2420 νῦν
1319 2388 1476 2422 tantum
1510 2393 1718 2434 praesens-
1737 2389 1903 2435 tempus·
1935 2382 2138 2436 designet,

143 2468 302 2511 tamen,
343 2478 437 2517 cum
470 2478 536 2504 res
567 2465 811 2516 praeteritae
843 2472 1033 2518 tanquam
1068 2471 1299 2518 praesentes
1331 2465 1488 2505 narrari
1521 2465 1694 2518 possint,
1740 2465 1780 2505 id
1814 2463 1922 2519 quod
1952 2465 2138 2518 inprimis

140 2549 228 2584 tum
261 2544 331 2596 fit,
360 2558 456 2588 oum
488 2559 554 2587 res
583 2545 697 2587 nobis
729 2546 973 2597 viventibus,
1003 2552 1075 2588 aut
1105 2546 1251 2601 quibus
1281 2545 1534 2588 interfuimus
1566 2546 1663 2601 ipsi,
1693 2551 1858 2602 gestae,
1888 2560 1982 2589 cum
2013 2545 2138 2601 longe

142 2626 425 2694 remotioribus
464 2635 537 2670 ant
577 2629 710 2670 verbis
750 2629 950 2683 expressis
989 2637 1061 2671 aut
1100 2629 1143 2671 in
1182 2629 1316 2671 animo
1354 2636 1643 2684 comparantur
1681 2628 1745 2670 vel
1785 2629 1834 2671 iis
1864 2634 2139 2684 opponuntur,

141 2708 307 2752 omnino
337 2711 427 2751 νῦν
459 2710 657 2767 particula
688 2711 900 2755 commode
937 2711 990 2754 ad
1032 2725 1098 2754 res
1130 2711 1337 2767 praeteriti
1373 2713 1567 2768 tomporis
1597 2708 1868 2768 designandas
1907 2712 1967 2754 uti
2000 2725 2137 2768 possu-
