2316 2984
1131 106 1185 168 ἃ.
1329 147 1361 165 2
1376 145 1379 148 ·

151 266 341 331 Ana-olid,
371 280 456 321 sive
486 285 534 322 ut
563 256 590 319 a
620 284 758 320 nostro
782 277 980 332 scriptore
1003 283 1171 319 vocatur
1198 275 1496 327 Οὕηρισσίμω.
1563 279 1698 333 Atque
1721 278 1824 320 banc
1846 285 1984 322 textus
2004 295 2144 324 emen·

150 339 354 405 dationem
386 361 513 404 multa
544 360 736 411 suadent3
773 359 950 414 primum
981 357 1091 414 quod
1122 359 1202 399 iam
1234 360 1554 411 obervavimus,
1602 361 1865 427 imperatores
1895 363 1936 404 in
1968 363 2140 407 aliorum

149 444 473 498 allocutionibus-
488 444 794 485 Caesares-non
827 441 956 483 dicto-
987 442 1132 493 fuisse,
1180 441 1252 483 sed
1291 442 1398 483 hunc
1428 444 1614 484 Caesaris
1652 444 1840 496 titulum,
1887 446 2084 501 imprimis
2115 463 2140 490 a

151 536 335 589 tempore
349 558 351 561 -
367 513 570 570 Hfflriani
590 527 619 559 ²)
661 524 986 581 praerogativam
1017 525 1216 566 sociorum
1249 524 1290 565 in
1323 525 1492 580 imperio
1523 526 1757 568 inferiorum
1791 533 1833 568 et
1864 531 2136 573 snccessor'nm

150 611 453 667 designatorum
493 611 628 656 fuisse.
707 609 930 650 Praeterea
964 614 1145 659 constat,
1192 604 1374 650 Marcum
1409 609 1619 650 Aurelium
1658 611 1735 652 iam
1756 626 1882 656 ,anno
1919 617 2139 657 centesimo

149 694 360 749 trigesimo
391 708 498 736 nono
528 693 582 736 ad
612 694 853 748 dignitatem
885 691 1071 732 Caesaris
1108 698 1150 732 et
1186 691 1239 733 ad
1278 693 1507 734 societatem
1548 693 1706 747 imperii
1738 696 1789 736 ab
1821 697 2025 738 Antonino
2061 699 2138 740 Pio

149 783 332 818 evectum
365 792 475 828 esse,
514 768 680 831 ex-'quo
711 789 866 816 summa
898 779 941 814 et
972 773 1080 828 apud
1111 780 1267 827 patrem
1300 750 1415 815 suum
1449 774 1732 829 imperatorem
1775 785 1817 819 et
1858 779 1897 819 in
1931 781 2136 834 republica

147 861 388 902 auctoritate
408 856 609 915 pollebat.
680 858 951 900 Nihilominus
982 863 1117 898 tamen
1149 858 1192 898 in
1225 864 1359 898 nostra
1391 859 1590 913 Apologia
1622 861 1790 914 simplici
1824 864 1998 905 nomine·
2019 865 2137 914 Οὐη-

149 944 341 995 ρισσίμῳ
363 951 418 985 et
448 944 536 995 υἱῷ
570 937 814 995 φιλοσόφῳ
848 940 1109 995 designatur,
1156 940 1264 996 quod
1294 947 1377 982 tam
1416 940 1624 996 singulare
1666 944 1867 985 nonnullis
1901 947 2024 989 visum
2057 956 2135 1001 est,

148 1033 195 1067 ut
219 1027 488 1087 conficerent,
525 1027 629 1070 lianc
653 1024 924 1086 defensionem
949 1024 1272 1064 Christianorum
1303 1024 1383 1064 iam
1416 1032 1511 1065 ante
1544 1026 1665 1065 finem
1697 1028 1792 1067 anni
1823 1032 1909 1069 139
1943 1032 2132 1085 scriptam

148 1109 292 1159 fuisse,
332 1123 413 1164 quo
443 1116 627 1163 tempore
658 1108 822 1149 Marcus
852 1107 1041 1147 Aurelius
1072 1107 1234 1147 nomine
1264 1107 1450 1147 Caesaris
1482 1107 1659 1148 nondum
1692 1117 1859 1150 ornatus
1888 1120 2007 1153 esset.
2080 1117 2135 1155 At

147 1207 244 1234 vero
273 1192 526 1247 argumentis
556 1191 802 1245 gravissimis
841 1189 947 1231 infra
984 1189 1263 1240 ostendemus,
1302 1189 1444 1230 horum
1477 1192 1716 1233 sententiam
1750 1207 1828 1233 non
1862 1208 1978 1247 posse
2015 1197 2135 1250 quid·

146 1290 268 1331 quam
301 1275 458 1327 valere,
496 1273 569 1317 sed
599 1274 686 1316 cius
715 1273 973 1328 scriptionem
1005 1271 1228 1328 Apologiae
1258 1272 1310 1314 ad
1334 1286 1490 1335 *annum
1523 1273 1609 1315 fere
1639 1276 1902 1318 centesimum
1935 1278 2132 1334 quinqua·

146 1359 344 1414 gesimum
379 1357 659 1400 removendam
693 1371 794 1398 esse.
856 1356 908 1397 In
941 1370 989 1397 eo
1020 1362 1155 1397 autem
1186 1370 1280 1397 cum
1310 1342 1389 1397 illis
1420 1358 1713 1410 consentimus,
1746 1366 1791 1399 ut
1821 1367 2005 1401 nostrum
2031 1363 2132 1404 scri-

146 1449 302 1496 ptorem
335 1450 419 1483 tam
451 1442 728 1496 negligentem
759 1455 847 1481 esse
878 1454 958 1480 non
990 1439 1166 1493 potuisse
1196 1440 1483 1489 concedamus,
1532 1448 1577 1480 ut
1608 1455 1715 1492 rem,
1763 1444 1893 1496 qualis
1916 1428 1993 1485 illa
2026 1447 2130 1487 Cae·

144 1527 245 1567 saris
276 1526 454 1580 dignitas
484 1526 524 1567 in
557 1525 696 1565 Marco
726 1523 891 1565 Aurelio
923 1530 1035 1583 erat,
1082 1530 1153 1564 aut
1184 1524 1399 1576 ignorare,
1447 1530 1518 1563 aut
1550 1526 1768 1567 memoriae
1796 1526 1910 1580 lapsu
1942 1528 2131 1570 omittere

145 1595 301 1662 posset,
346 1607 584 1661 praesertim
620 1620 714 1647 cum
751 1606 791 1645 in
832 1605 986 1661 reliqua
1026 1606 1284 1658 inscriptione
1324 1605 1522 1658 quaedam
1554 1606 1752 1647 industria
1790 1614 1833 1648 et
1863 1590 2130 1663 componendi

143 1705 210 1733 ars
240 1690 411 1731 eluceat.
483 1690 621 1735 Quare
651 1702 860 1730 censemus
891 1688 1077 1742 primitus
1107 1687 1301 1742 scriptum
1334 1686 1454 1728 fuisse
1477 1686 1727 1738 Ἀντωνίνῳ
1761 1681 2128 1743 Eudemi-Eme-

145 1770 264 1825 στῷἶ
291 1773 369 1811 καὶ
394 1771 589 1819 Καίσαρι
619 1769 927 1822 Οὐηρισσίμῳ.
993 1770 1343 1811 Inversio'autem
1375 1782 1517 1810 vocum
1551 1771 1629 1808 καὶ
1652 1770 1857 1824 ’Καίσαρι
1889 1774 2006 1816 facile
2030 1777 2127 1817 oriri

142 1860 303 1913 poterat
340 1860 412 1895 aut
451 1867 502 1895 ex
542 1852 808 1907 cacophonia,
854 1865 974 1907 quam
1014 1851 1121 1906 parit
1152 1850 1220 1892 illa
1251 1851 1447 1906 particula
1478 1853 1732 1895 coniunctiva
1764 1855 1842 1892 καὶ
1872 1870 1965 1897 cum
1997 1859 2130 1912 prima

140 1938 294 1993 syllaba
325 1937 431 1978 vocis
465 1937 680 1983 Καίσαρι,
730 1936 888 1976 inverso
917 1935 1023 1975 enim
1055 1934 1198 1974 ordine
1228 1934 1289 1980 his
1320 1935 1482 1974 vocibus
1513 1937 1694 1989 scriptis,
1741 1938 1972 1988 minuodlla
2002 1942 2124 1982 senti-

142 2028 231 2071 tur3
269 2026 342 2061 aut
373 2020 570 2074 particula
609 2019 763 2059 incuria
798 2018 1051 2059 librariorum
1083 2018 1257 2072 primum
1290 2017 1462 2069 excidit,
1501 2018 1542 2059 id
1581 2019 1689 2073 quod
1728 2020 1918 2073 Marano,
1960 2024 2124 2065 Gallan·

142 2104 210 2144 dio
241 2110 283 2144 et
314 2102 495 2143 Braunio
526 2102 568 2142 in
600 2116 740 2142 eorum
773 2101 1013 2142 editionibus
1043 2101 1233 2142 accidisse
1265 2101 1445 2141 videmus
1486 2101 1526 2140 in
1566 2104 1710 2155 quibus
1750 2104 1817 2144 illa
1857 2104 2125 2157 desideratur,

141 2193 228 2227 tum
260 2187 311 2227 ab
347 2185 435 2226 aliis
466 2185 537 2226 sed
570 2199 649 2225 non
681 2198 754 2224 suo
794 2183 883 2224 loco
922 2182 1108 2240 restituta
1146 2191 1229 2232 est,
1274 2197 1367 2224 cum
1409 2197 1501 2223 usus
1540 2183 1704 2238 linguae
1735 2200 1909 2240 graecae
1937 2187 2122 2241 copulam

140 2270 247 2310 inter
278 2268 453 2322 primum
485 2273 528 2308 et
558 2265 779 2309 secundum
811 2266 1036 2308 membrum
1068 2264 1283 2306 desideret.
1364 2266 1572 2307 Restituto
1610 2275 1744 2308 autem
1786 2269 2005 2311 secundum
2052 2284 2120 2310 no-

137 2358 262 2392 stram
304 2350 543 2391 sententiam
582 2336 850 2403 inscriptionis
887 2354 1005 2388 textu
1051 2354 1093 2387 et
1134 2347 1360 2388 Antoninus
1400 2348 1500 2388 Pius
1540 2356 1583 2389 et
1622 2349 1782 2406 Marcus
1820 2352 2009 2392 Aurelius
2050 2367 2122 2394 sua

138 2439 431 2488 recuperarunt
468 2440 706 2474 ornamenta
743 2445 908 2487 prorsus
947 2410 1246 2481 convenientia,
1290 2438 1333 2471 et
1372 2431 1458 2484 ipsa
1496 2432 1723 2486 inscriptio,
1770 2448 1891 2486 quam
1923 2446 2004 2475 non
2035 2435 2122 2476 sine

137 2525 225 2559 arte
255 2517 389 2571 aliqua
420 2516 680 2569 compositam
713 2508 911 2565 diximus,
948 2528 1022 2555 suo
1053 2528 1222 2556 numero
1253 2513 1419 2568 gaudet.

237 2675 274 2719 2>
316 2674 385 2709 cfr.
407 2675 498 2708 Aelii
519 2674 694 2719 Spartani
714 2670 829 2708 vitm
849 2641 941 2708 Ᾱοιίὶ
961 2672 1045 2707 Veri
1065 2673 1223 2707 eae-nri·
1244 2683 1322 2707 eu
1342 2660 1433 2707 niti.
1455 2673 1648 2706 emus-ni
1669 2672 1734 2706 ιιι.
1756 2674 1871 2707 iaia..
